<?xml version="1.0" encoding="UTF-8"?><record xmlns="http://www.loc.gov/MARC21/slim" xmlns:cinclude="http://apache.org/cocoon/include/1.0" xmlns:zs="http://www.loc.gov/zing/srw/">
  <leader>00491nz  a2200145n  4500</leader>
  <controlfield tag="001">no 97073958 </controlfield>
  <controlfield tag="003">DLC</controlfield>
  <controlfield tag="005">19971218053508.5</controlfield>
  <controlfield tag="008">971217n| acannaab|          |n aad     c</controlfield>
  <datafield tag="010" ind1=" " ind2=" ">
    <subfield code="a">no 97073958 </subfield>
  </datafield>
  <datafield tag="035" ind1=" " ind2=" ">
    <subfield code="a">(OCoLC)oca04557361 </subfield>
  </datafield>
  <datafield tag="040" ind1=" " ind2=" ">
    <subfield code="a">OCoLC</subfield>
    <subfield code="c">OCoLC</subfield>
  </datafield>
  <datafield tag="100" ind1="1" ind2="0">
    <subfield code="a">Straus, Oscar,</subfield>
    <subfield code="d">1870-1954.</subfield>
    <subfield code="t">Serenade,</subfield>
    <subfield code="m">string orchestra,</subfield>
    <subfield code="n">op. 35,</subfield>
    <subfield code="r">G minor</subfield>
  </datafield>
  <datafield tag="667" ind1=" " ind2=" ">
    <subfield code="a">Machine-derived authority record.</subfield>
  </datafield>
  <datafield tag="670" ind1=" " ind2=" ">
    <subfield code="a">LCCN 82-760031: RIAS-Sinfonietta. Romantische Suiten und Serenaden aus OĚsterreich, p1980</subfield>
  </datafield>
</record>